@online{Encapsulamiento,
    title   = {Introducción a POO en Java: Encapsulamiento},
    year    = {2023},
    url     = {https://openwebinars.net/blog/introduccion-a-poo-en-java-encapsulamiento/},
    urldate = {20205-10-03}
}
@online{Paquetes,
    title   = {Introducción a POO en Java: Interfaces y paquetes},
    year    = {2023-09-22},
    url     = {https://openwebinars.net/blog/introduccion-a-poo-en-java-interfaces-y-paquetes/},
    urldate = {20205-10-03}
}
@online{Private,
    title   = {Private and Final Methods in Java},
    year    = {2025-04-24},
    url     = {https://www.geeksforgeeks.org/java/private-and-final-methods-in-java/},
    urldate = {20205-10-03}
}
