@online{distancia,
  title   = {¿Qué es la distancia entre dos puntos y cómo se calcula?},
  year    = {2025},
  url     = {https://www.tusclasesparticulares.com/blog/que-es-como-calcular-distancia#:~:text=La%20distancia%20entre%20dos%20puntos%20es%20la%20longitud%20del%20segmento,particular%2C%20profundizaré%20en%20esta%20teoría.},
  urldate = {2025-09-18}
}

