@online{factorial,
  title   = {¿Qué es un factorial? Cómo calcularlo con ejemplos},
  year    = {2025},
  url     = {https://www-freecodecamp-org.translate.goog/news/what-is-a-factorial/?_x_tr_sl=en&_x_tr_tl=es&_x_tr_hl=es&_x_tr_pto=tc},
  urldate = {2025-08-28}
}

@online{fibonacci,
  title   = {Secuencia de Fibonacci en Python: Aprende y explora técnicas de codificación},
  year    = {2025},
  url     = {https://www.datacamp.com/es/tutorial/fibonacci-sequence-python},
  urldate = {2025-08-18}
}

@online{collatz,
  title   = {Conjetura de Collatz},
  year    = {2025},
  url     = {https://geomaths-co-uk.translate.goog/2024/06/23/collatz-conjecture/?_x_tr_sl=en&_x_tr_tl=es&_x_tr_hl=es&_x_tr_pto=tc},
  urldate = {2025-08-18}
}