@online{ClasesAbstractasInterfaces,
    title   = {Java Clases Abstractas y el polimorfismo},
    year    = {2024-09-28},
    url     = {https://www.arquitecturajava.com/java-clases-abstractas-y-el-polimorfismo/},
    urldate = {2025-10-17}
}
@online{Paquetes,
  title   = {Paquetes en Java: qué son, para qué se utilizan, y cómo se usan},
  year    = {2019},
  url     = {https://www.campusmvp.es/recursos/post/paquetes-en-java-que-son-para-que-se-utilizan-y-como-se-usan.aspx},
  urldate = {2025-10-31}
}

@online{HerenciaPolimorfismo,
    title   = {Introducción a POO en Java: Herencia y polimorfismo},
    year    = {2023-11-17},
    url     = {https://openwebinars.net/blog/introduccion-a-poo-en-java-herencia-y-polimorfismo/},
    urldate = {2025-10-31}
}
@online{Encapsulamiento,
    title   = {Introducción a POO en Java: Encapsulamiento},
    year    = {2023},
    url     = {https://openwebinars.net/blog/introduccion-a-poo-en-java-encapsulamiento/},
    urldate = {20205-10-03}
}