@online{guialatex,
  title   = {LaTeX: redacción de documentos científicos},
  year    = {2025},
  url     = {https://guiasbib.upo.es/latex},
  urldate = {2025-08-18}
}

@online{guiagit,
  title   = {Acerca de GitHub y Git},
  year    = {2025},
  url     = {https://docs.github.com/es/get-started/start-your-journey/about-github-and-git},
  urldate = {2025-08-18}
}