@online{hash,
  title   = {De la verificación de contraseña a la firma electrónica: el secreto está en el 'hash'},
  year    = {2025},
  url     = {https://www.bbva.com/es/innovacion/de-la-verificacion-de-contrasena-a-la-firma-electronica-el-secreto-esta-en-el-hash},
  urldate = {2025-09-09}
}

@online{MD5,
  title   = {¿Qué es el algoritmo de hashing MD5 y cómo funciona?},
  year    = {2022},
  url     = {https://www.avast.com/es-es/c-md5-hashing-algorithm},
  urldate = {2025-09-09}
}

@online{Funcion_Digestiva,
    title   = {Funciones hash. Unidades de Apoyo para el Aprendizaje},
    year    = {2021},
    url     = {https://repositorio-uapa.cuaed.unam.mx/repositorio/moodle/pluginfile.php/2186/mod_resource/content/1/contenido-uapa/index.html},
    urldate = {2025-09-09}
}