@online{HerenciaPolimorfismo,
    title   = {Introducci√≥n a POO en Java: Herencia y polimorfismo},
    year    = {2023-11-17},
    url     = {https://openwebinars.net/blog/introduccion-a-poo-en-java-herencia-y-polimorfismo/},
    urldate = {2025-10-17}
}
@online{Abstracto,
    title   = {Java Clases Abstractas y el polimorfismo},
    year    = {2024-09-28},
    url     = {https://www.arquitecturajava.com/java-clases-abstractas-y-el-polimorfismo/},
    urldate = {2025-10-17}
}
